@book{demeyer2008,
	Annote = {book},
	Bdsk-url-1 = {http://scg.unibe.ch/download/oorp/},
	Isbn = {978-3-9523341-2-6},
	Keywords = {olit scg08 scg-pub snf-none jb09 skip-doi stefPub mooseCincom moose-pub},
	Medium = {2},
	Peerreview = {no},
	publisher = {Square Bracket Associates},
	Url = {http://scg.unibe.ch/download/oorp/},
	author = {Demeyer, Serge and Ducasse, Stéphane and Nierstrasz, Oscar},
	title = {Object-Oriented Reengineering Patterns},
	year = {2008},
	note = {(This book is available as a free download from http://www.iam.unibe.ch/~scg/OORP/.)},
}


@book{raymond1999,
 author = {Raymond, Eric S.},
 title = {The  Cathedral and the Bazaar},
 year = {1999},
 isbn = {1565927249},
 edition = {1st},
 publisher = {O'Reilly \& Associates, Inc.},
 address = {Sebastopol, CA, USA},
} 
@inproceedings{dospensamento,
  title={\revisao{O pensamento de Paulo Freire e PBL: primeiras aproxima{\c{c}}{\~o}es e afastamentos}},
  author={\revisao{dos Santos, David Moises Barreto and Burnham, Teresinha Fr{\'o}es}},
  year={2003},
  booktitle={XI Workshop sobre Educa{\c{c}}{\~a}o em Inform{\'a}tica (WEI 2003), Campinas, SP},
}

@article{santos2008experiencias,
  title={Experi{\^e}ncias em um Estudo Integrado de Programa{\c{c}} ao usando PBL},
  author={\revisao{Santos, Jos{\'e} Amancio Macedo and Angelo, Michele F{\'u}lvia and Loula, Angelo}},
  journal={SBC},
  pages={250},
  year={2008}
}

@inproceedings{scarton2011uso,
  title={O uso do MERLOT por Alunos de Teoria da Computa{\c{c}}{\~a}o para a Cria{\c{c}}{\~a}o de Materiais de Ensino-Aprendizagem},
  author={Scarton, Carolina Evaristo and Aluisio, Sandra},
  booktitle={XIX Workshop sobre Educa{\c{c}}{\~a}o em Computa{\c{c}}{\~a}o},
  year={2011}
}

@article{de2007construccao,
  title={Constru{\c{c}}{\~a}o de Simuladores Gr{\'a}ficos para Teoria da Computa{\c{c}}{\~a}o: Uma Proposta para o Ensino do Conceito de M{\'a}quinas de Turing},
  author={de Oliveira, Gerson Pastre and da Silva, Marco Aur{\'e}lio Seraphim},
  journal={IV Simp{\'o}sio de Excel{\^e}ncia em Gest{\~a}o e Tecnologia (SEGET)},
  year={2007}
}

@inproceedings{dos2007aplicaccao,
  title={Aplica{\c{c}}{\~a}o do m{\'e}todo de aprendizagem baseada em problemas no curso de engenharia da computa{\c{c}}{\~a}o da universidade estadual de feira de santana},
  author={dos Santos, David Moises Barreto and Pinto, GRPR and Sena, Claudia Pinto Pereira and Bertoni, Fabiana Cristina and Bittencourt, Roberto Almeida},
  booktitle={Congresso Brasileiro de Educa{\c{c}}{\~a}o em Engenharia-COBENGE},
  year={2007}
}

@inproceedings{pelissoni2003proposta,
  title={Uma proposta de metodologia para o ensino da disciplina intera{\c{c}}{\~a}o humano-computador em cursos de computa{\c{c}}{\~a}o e inform{\'a}tica},
  author={Pelissoni, Carla Gon{\c{c}}alves and Carvalho, JOF de},
  booktitle={XI Workshop sobre Educa{\c{c}}{\~a}o em Inform{\'a}tica (WEI 2003), Campinas, SP},
  volume={11},
  year={2003}
}

@inproceedings{junior2004processo,
  title={O processo de ensino-aprendizagem de fundamentos de Programa{\c{c}}{\~a}o: uma vis{\~a}o cr{\'\i}tica da pesquisa no Brasil},
  author={J{\'u}nior, JCRP and Rapkiewicz, Clevi Elena},
  booktitle={Anais do XII Workshop sobre Educa{\c{c}}{\~a}o em Computa{\c{c}}{\~a}o (SBC)},
  year={2004}
}

@article{rapkiewicz2006estrategias,
  title={Estrat{\'e}gias pedag{\'o}gicas no ensino de algoritmos e programa{\c{c}}{\~a}o associadas ao uso de jogos educacionais},
  author={Rapkiewicz, Clevi Elena and Falkembach, Gilse and Seixas, Louise and dos Santos Rosa, N{\'u}bia and da Cunha, Vanildes Vieira and Klemann, Miriam},
  journal={RENOTE},
  volume={4},
  number={2},
  year={2006}
}

@inproceedings{vieira2003language,
  title={Language Emulator, uma ferramenta de aux{\'\i}lio no ensino de Teoria da Computa{\c{c}}{\~a}o},
  author={Vieira, Luiz Filipe Menezes and Vieira, Marcos Augusto Menezes and Vieira, Newton Jos{\'e}},
  booktitle={XIII Workshop sobre Educa{\c{c}}{\~a}o em Computa{\c{c}}{\~a}o--XXV Congresso da Sociedade Brasileira de Computa{\c{c}}{\~a}o},
  year={2003}
}

@inproceedings{de2011jogo,
  title={Jogo baseado em m-learning e aprendizado tangencial para aux{\'\i}lio ao ensino de Teoria da Computa{\c{c}}{\~a}o},
  author={de Morais, Dyego Carlos Sales and Alencar, Ant{\^o}nio DPC and de Souza, Rodrigo},
  booktitle={Brazilian Symposium on Computers in Education (Simp{\'o}sio Brasileiro de Inform{\'a}tica na Educa{\c{c}}{\~a}o-SBIE)},
  volume={1},
  year={2011}
}

@article{escrivao2009aprendendo,
  title={Aprendendo com PBL--Aprendizagem Baseada em Problemas: relato de uma experi{\^e}ncia em cursos de engenharia da EESC-USP},
  author={Escriv{\~a}o Filho, Edmundo and Ribeiro, Luis Roberto de Camargo},
  journal={Revista Minerva},
  volume={6},
  number={1},
  pages={23--30},
  year={2009}
}

@misc{da2015ensino,
  title={Ensino de Ci{\^e}ncia da Computa{\c{c}}{\~a}o atrav{\'e}s do Desenvolvimento de Jogos},
  author={da Silva, Rog{\'e}rio Eduardo and Martins, Scheila Wesley},
  year={2015}
}

@article{wood2003problem,
  title={Problem based learning},
  author={Wood, Diana F},
  journal={BMJ: British Medical Journal},
  volume={326},
  number={7384},
  pages={328},
  year={2003},
  publisher={BMJ Publishing Group LTD}
}

@article{o2012practical,
  title={Practical problem-based learning in computing education},
  author={O’Grady, Michael J},
  journal={ACM Transactions on Computing Education (TOCE)},
  volume={12},
  number={3},
  pages={10},
  year={2012},
  publisher={ACM}
}

@article{dolmans2005problem,
  title={Problem-based learning: Future challenges for educational practice and research},
  author={Dolmans, Diana HJM and De Grave, Willem and Wolfhagen, Ineke HAP and Van Der Vleuten, Cees PM},
  journal={Medical education},
  volume={39},
  number={7},
  pages={732--741},
  year={2005},
  publisher={Wiley Online Library}
}

@inproceedings{da2015ensino,
  title={O Ensino de Computa{\c{c}}{\~a}o na Educa{\c{c}}{\~a}o B{\'a}sica apoiado por Problemas: Pr{\'a}ticas de Licenciandos em Computa{\c{c}}{\~a}o},
  author={da Concei{\c{c}}{\~a}o Ara{\'u}jo, D{\'e}bora and Rodrigues, Ariane Nunes and de Ara{\'u}jo Silva, Cl{\'a}udia Vang{\'e}ssica and Soares, Leonardo Silva},
  booktitle={XXIII do WEI-Workshop sobre Educa{\c{c}}ao em Computa{\c{c}} ao},
  year={2015}
}

@inproceedings{leite2014montanha,
  title={Montanha de Chomsky: jogo tutor para aux{\'\i}lio no ensino de Teoria da Computa{\c{c}}{\~a}o},
  author={Leite, Lucas Sampaio and Sibaldo, Maria Aparecida A and Carvalho, TBA and Souza, R},
  booktitle={XXII Workshop sobre Educa{\c{c}}{\~a}o em Inform{\'a}tica (WEI 2014), Bras{\'\i}lia, DF},
  year={2014}
}

@inproceedings{hamalainen2004problem,
  title={Problem-based learning of theoretical computer science},
  author={Hamalainen, Wilhelmiina},
  booktitle={Frontiers in Education, 2004. FIE 2004. 34th Annual},
  volume={3},
  pages={20--303},
  year={2004},
  publisher={IEEE}
}

@inproceedings{silva2010automata,
  title={Automata Defense 2.0: reedi{\c{c}}{\~a}o de um jogo educacional para apoio em Linguagens Formais e Aut{\^o}matos},
  author={Silva, R{\^o}mulo C{\'e}sar and Binsfeld, Ricardo Luis and Carelli, Izaura Maria and Watanabe, Rodrigo},
  booktitle={Brazilian Symposium on Computers in Education (Simp{\'o}sio Brasileiro de Inform{\'a}tica na Educa{\c{c}}{\~a}o-SBIE)},
  volume={1},
  number={1},
  year={2010}
}